4268 5976
1102 399 1354 463 ..53-

953 617 1526 735 spicilegium

471 802 1008 908 Florae
1122 803 2000 951 Europaeae.

951 1013 1214 1101 Decea
1259 1014 1522 1101 Vllicont.

417 1249 463 1312 74.
480 1246 673 1304 Anthemis
688 1244 886 1300 ruthenico
902 1245 942 1298 lll.
954 1244 988 1296 B.
1001 1247 1056 1298 iam
1074 1244 1110 1297 ab
1128 1247 1189 1314 ipso
1208 1252 1324 1298 anctore
1334 1245 1389 1298 fuit
1400 1245 1526 1308 reducta,
1544 1243 1629 1314 idque
1645 1245 1675 1297 in
1685 1241 1784 1298 eodem
1797 1241 1941 1296 volumine
1950 1242 1982 1295 in
1998 1255 2058 1310 quo

624 1323 686 1371 erat
703 1317 845 1385 descripta
863 1316 903 1369 Fl.
921 1317 1007 1367 'l'aun
1022 1317 1105 1368 Cauc.
1118 1316 1153 1368 ll.
1165 1332 1191 1384 p.
1203 1318 1266 1374 465.
1285 1316 1341 1369 Sed
1358 1332 1443 1384 quum
1461 1315 1591 1368 addenda
1608 1315 1742 1369 librorum
1760 1312 1926 1384 plerumque
1937 1328 1998 1363 non
2018 1312 2057 1362 le·

624 1393 743 1459 gantur,
772 1393 857 1456 atque
883 1387 1011 1454 sepultae
1033 1388 1128 1455 potius
1156 1384 1303 1440 rideantur
1327 1402 1410 1455 quam
1435 1385 1566 1454 vulgatae
1589 1386 1618 1437 ln
1641 1386 1678 1437 iis
1704 1384 1797 1439 editae
1822 1384 2056 1444 observationes,

628 1459 714 1510 etiam
744 1463 876 1510 auctores
900 1462 930 1509 et
954 1453 1030 1508 horti
1054 1470 1158 1509 nomen
1195 1455 1266 1508 illud
1292 1455 1412 1509 ulterius
1440 1461 1641 1525 propagarunt.
1694 1453 1791 1508 Verba
1819 1455 1946 1507 auctoris
1979 1450 2001 1502 l.
2029 1465 2055 1500 c.

624 1528 817 1594 scriptasunt
839 1524 927 1585 haec:
963 1526 1150 1590 „rarietatem
1173 1524 1277 1579 suth.
1302 1528 1510 1579 tinctorias
1540 1522 1696 1578 albilloram
1718 1540 1771 1593 pro
1795 1524 1826 1576 Α.
1852 1521 2056 1575 austriaca

624 1596 705 1655 Jsca.
729 1610 876 1665 perperam
899 1593 1017 1659 babens,
1041 1594 1113 1647 hanc
1132 1597 1254 1664 speciem
1271 1610 1324 1663 pro
1341 1610 1415 1649 nova
1430 1597 1574 1663 proposui,
1600 1609 1682 1663 quam
1702 1609 1777 1647 nune
1793 1609 1811 1646 a
1823 1592 1923 1662 plenta
1938 1590 2058 1659 inequi-

625 1668 710 1719 uiana
728 1681 784 1717 non
802 1664 976 1734 distinguo.“
1010 1664 1051 1717 iti.
1069 1664 1103 1716 B.
1122 1664 1237 1718 Doleas.
1254 1667 1342 1734 igitur
1359 1664 1435 1733 apud
1452 1664 1519 1717 Srs.
1538 1663 1616 1732 ayss.
1635 1664 1682 1716 lll.
1700 1679 1728 1733 p.
1748 1662 1812 1722 594.
1830 1667 1860 1716 et
1877 1662 2002 1730 ubiquea
2021 1660 2055 1712 Α.

624 1734 867 1859 ἔιυιὴέἑιίοαπιᾶ
879 1742 911 1789 et
930 1736 961 1788 in
979 1734 1078 1788 eodem
1095 1734 1170 1789 libro
1187 1751 1215 1804 p·
1234 1739 1297 1794 595.
1316 1740 1382 1805 post
1404 1737 1438 1789 Δ.
1455 1736 1679 1788 cusiriacum
1695 1733 1796 1789 verbm
1813 1734 1843 1786 in
1859 1732 1991 1785 Caucm
2011 1744 2056 1782 rs·

646 1808 689 1858 ‘ns
749 1807 848 1859 vescit.
1504 1813 1508 1818 ·

420 1885 465 1940 75.
487 1877 620 1932 Ramex
642 1872 953 1927 Marschallianus
977 1870 1069 1926 Reus.
1094 1872 1182 1926 valvis
1207 1877 1479 1939 ovato-acuminatis,
1508 1874 1610 1943 planis,
1638 1875 1721 1927 unica
1746 1871 1890 1935 eallilera,
1914 1869 2054 1923 dentibus

623 1946 756 2012 uultque
773 1943 918 1996 subtr-ibus
935 1943 1149 2013 pedunculoque
1165 1945 1249 1997 enodi
1270 1948 1392 1998 setaceis
1406 1943 1517 1998 vulvula
1530 1944 1717 2014 longioribus.
1735 1942 1770 1997 Β.
1806 1943 1840 1995 Β
1857 1940 2051 2010 aegyptiacus

590 2016 595 2025 '
623 2013 740 2068 MBrnn.
764 2013 808 2067 Fi.
829 2014 863 2066 T.
892 2013 922 2066 c.
946 2013 970 2066 l.
994 2031 1021 2082 p.
1047 2016 1110 2072 290.
1129 2044 1165 2054 -
1199 2014 1337 2068 Miramur
1354 2029 1422 2069 sane
1447 2016 1588 2069 neminem
1606 2020 1741 2084 quantum
1758 2013 1872 2076 scimus,
1890 2011 2055 2063 attentione

643 2082 743 2136 undam
768 2085 929 2136 recusarit
953 2098 1131 2152 comparasse
1156 2086 1310 2152 specimina
1337 2085 1372 2137 R.
1398 2085 1620 2154 aegyptiaci
1643 2099 1680 2136 ex
1702 2085 1842 2154 Aegypto,
1867 2085 1898 2133 et
1912 2079 1993 2132 illius
2011 2080 2055 2130 sic

647 2154 696 2205 ‘cti
717 2155 900 2205 astracanica.
934 2150 979 2205 Ex
1001 2159 1123 2222 utroque
1144 2154 1209 2206 loco
1233 2154 1314 2222 plura
1336 2159 1492 2223 spontanea
1508 2153 1546 2206 ad
1569 2169 1681 2207 manum
1700 2160 1776 2217 sunt,
1802 2164 1930 2207 necnon
1950 2163 1989 2202 ex
2007 2147 2053 2200 his

625 2222 872 2283 culturaeducata,
890 2236 962 2291 quaa
971 2222 1320 2291 singuladilferentiarnad
1332 2239 1454 2293 unguem
1464 2223 1670 2277 demonstrant.
1686 2222 1720 2276 R.
1732 2220 2003 2276 Marschallisn
2011 2231 2053 2270 us

624 2299 725 2347 noster
748 2293 804 2345 iam
831 2291 929 2345 habitu
950 2291 1068 2345 multum
1093 2294 1201 2347 recedit
1229 2309 1247 2346 a
1270 2309 1338 2347 rere
1363 2295 1608 2362 aegyptiaco,
1643 2294 1691 2363 qui
1715 2293 1830 2346 densius
1858 2288 2054 2344 verticillatns

582 2380 589 2391 ·
627 2366 725 2416 estse
743 2368 841 2415 uester
857 2361 891 2416 Β
914 2363 1137 2426 maritimus,
1162 2371 1192 2416 et
1208 2363 1278 2416 iulia
1297 2380 1396 2416 versus
1413 2365 1564 2416 terminum
1579 2362 1666 2416 habet
1683 2368 1741 2415 tam
1759 2362 1848 2416 densa
1864 2366 1900 2413 ut
1914 2374 1934 2412 tt
1958 2358 2056 2413 Fors·

624 2444 745 2497 souso,
792 2430 826 2485 Β.
850 2446 1016 2485 comesus
1041 2433 1207 2501 appelletur.
1241 2432 1348 2486 Noster
1371 2433 1435 2486 laxe
1460 2432 1580 2485 diffusm
1598 2439 1658 2497 est,
1680 2432 1836 2486 verticillos
1852 2429 1943 2485 babet
1956 2442 2056 2483 reuo-

623 2506 731 2566 tiores,
758 2507 875 2571 propter
898 2501 1120 2571 pedunculorum
1144 2503 1347 2571 longitudinem
1373 2501 1463 2555 multo
1484 2502 1625 2569 laxiores,
1648 2501 1719 2556 solis
1739 2516 1839 2556 reram
1863 2500 1976 2569 ιρὶοαι
1995 2512 2056 2551 cm·

624 2575 693 2625 nino
719 2570 923 2641 deliquescunt,
946 2569 1031 2625 flores
1052 2572 1221 2641 regulariter
1242 2572 1376 2627 trivnlres
1394 2579 1470 2636 sunt,
1491 2573 1610 2625 valvulis
1627 2571 1719 2641 planis
1737 2578 1769 2626 st
1789 2571 1845 2625 allo
1864 2570 1953 2625 stcdc
1969 2582 2006 2621 ac
2022 2568 2056 2618 iu

624 2642 660 2695 Β.
690 2644 913 2710 aegyptiaco
941 2641 1107 2706 reticulatis,
1131 2641 1207 2710 quod
1229 2645 1334 2710 optime
1356 2645 1422 2694 icon
1448 2642 1654 2696 demonstrabit
1678 2642 1783 2695 lutura.
1806 2668 1842 2684 -
1888 2640 1994 2694 Aliena
2015 2635 2053 2689 Β.

625 2710 1003 2851 :iiiiiiiiiiie
1020 2707 1958 2850 ”iiieiiiiiiiiiiiiiiriit.'lti:.i:..¹¹¹l⁵.:⁵.ii'‘
2002 2706 2055 2831 ti

1001 2817 1010 2845 ,
1581 2818 1588 2833 Ι

623 2851 693 2904 liani
717 2852 868 2920 synonymi
889 2852 1010 2919 pretium
1032 2853 1202 2919 ignorasset,
1232 2853 1293 2904 eius
1310 2850 1435 2920 plantam
1452 2851 1506 2903 sibi
1529 2853 1701 2921 incognitam
1720 2816 1805 2921 attius
1820 2850 1860 2904 sd
1872 2864 1969 2919 gesna
1985 2862 2054 2918 pro·

623 2923 717 2990 prium
742 2918 923 2988 relegandam
947 2923 1098 2989 putaverit.
1151 2918 1181 2973 Si
1205 2927 1301 2974 autam
1324 2937 1393 2974 curs
1415 2920 1475 2983 ills,
1501 2936 1557 2990 qua
1579 2935 1691 2990 semper
1709 2936 1779 2991 opus
1795 2926 1851 2988 est,
1867 2920 1918 2973 ubi
1936 2918 2052 2989 species

624 2996 774 3043 auctorum
795 3004 960 3058 agnoscere,
983 2989 1020 3043 de
1042 2991 1134 3110 lispus
1151 2989 1285 3043 iudicium
1303 2989 1381 3045 ferre
1397 2992 1551 3058 cupiamus,
1576 2991 1713 3046 accedere
1727 2990 1831 3062 placet,
1847 2989 1998 3060 disgusds
2014 2986 2050 3040 Β.

626 3074 667 3113 ae
700 3060 848 3128 yptiaci
866 3058 991 3111 eruenda
1009 3061 1064 3112 erit
1103 3075 1166 3112 acce

674 3074 973 3262 laetitiis:
991 3126 1742 3268 iiiiiiiiiiiiiiiiiiil‘'iiiiii-'iiiii
1758 3130 1932 3270 ‘illitis
1946 3129 2052 3253 iiii

1743 3236 1752 3265 Ι

674 3271 751 3323 riatc
769 3267 1017 3330 clevato-incurro,
1036 3269 1153 3332 nodoso,
1172 3273 1279 3322 semine
1295 3267 1479 3336 planiusculo.
1513 3270 1548 3322 Β.

622 3339 684 3392 lam
711 3339 798 3418 igitur
822 3337 907 3389 clara.
927 3343 1010 3390 erunt
1033 3338 1197 3391 Fonsscnrr
1223 3341 1326 3392 verba:
1360 3340 1394 3390 Β.
1424 3354 1608 3392 comosus:
1638 3336 1753 3392 floribus
1776 3339 1887 3407 spicato
1910 3342 2051 3405 comesis,

623 3407 741 3461 valvulis
760 3406 894 3471 dentatis,
918 3407 1179 3475 alterapgranilcra.
1214 3409 1257 3461 Fi.
1275 3424 1336 3477 aeg.
1352 3425 1379 3476 p.
1397 3412 1442 3467 76.
1462 3412 1509 3477 qui
1528 3408 1690 3461 floribus
1709 3407 1877 3479 digynis,
1900 3416 2052 3464 tetran-

625 3479 718 3541 drls,
742 3476 986 3545 tetrasepalis
1005 3483 1085 3529 recte
1102 3477 1286 3545 discribitur,
1298 3478 1516 3531 cl:·Csssosns
1532 3478 1663 3547 Monegr.
1686 3493 1713 3547 p.
1733 3482 1793 3536 149.
2104 3470 2112 3483 ’

414 3563 459 3617 76.
477 3555 612 3608 Rumex
627 3545 797 3601 Fischeri
815 3547 906 3598 Reus.
924 3546 1012 3598 valvis
1031 3546 1338 3612 abbreviato-cordatis,
1362 3549 1551 3612 denticulatis,
1569 3548 1686 3616 singulis
1704 3548 1852 3614 calliseris,
1873 3549 1956 3604 foliis
1974 3551 2051 3604 radi·

619 3618 725 3671 salibus
754 3615 894 3686 profunde
918 3616 1042 3669 cordatis
1067 3617 1238 3685 caulinisqne
1262 3618 1426 3670 lanceolatis
1447 3617 1589 3670 undulatis
1615 3617 1746 3683 obtusis,
1778 3620 1931 3674 verticillis
1964 3621 2049 3684 laxis,

622 3687 753 3757 aphyllis.
777 3687 868 3739 Rosa.
888 3716 924 3763 ,⁸
959 3687 992 3737 Β.
1017 3685 1271 3766 Nemolapatlums
1303 3704 1321 3762 ‚⁰
1348 3688 1461 3741 Sibiria.
1492 3688 1623 3742 Fiscusn
1643 3690 1674 3741 iu
1697 3687 1753 3741 litt.
1785 3688 1894 3743 Habitu
1918 3690 1989 3745 sere
2012 3691 2048 3743 Β.

620 3758 792 3828 epirotici.
835 3756 966 3824 Figuram
989 3757 1125 3808 dabimus.
1280 3755 1284 3764 '

414 3840 459 3898 77.
487 3834 824 3955 Rumupmss'm
853 3826 1064 3880 florebertus.
1090 3828 1165 3879 idem
1197 3833 1242 3880 est
1264 3843 1297 3879 ae
1316 3833 1413 3881 noster
1437 3828 1471 3880 Β.
1503 3827 1730 3880 domesticus
1755 3827 1872 3882 Haurit.
1895 3845 1985 3899 quem
2009 3830 2049 3884 cs.

650 3903 711 3954 o.5
749 3932 756 3948 .

413 3980 459 4035 78.
482 3972 616 4025 Ramex
642 3965 838 4019 confertus
864 3965 983 4018 Wrnnn.
1017 3966 1096 4017 cuius
1119 3964 1217 4018 florem
1243 3965 1421 4019 fructiferum
1448 3964 1579 4036 praebuit
1610 3965 1766 4020 Csusosns
1790 3968 1850 4021 tab.
1872 3969 1909 4021 ll.
1937 3969 1985 4023 rel
2008 3971 2046 4023 ob

618 4037 692 4090 hanc
716 4035 885 4102 singularem
910 4035 1082 4087 valvularum
1106 4034 1225 4087 sormam
1249 4035 1603 4100 meliorati-acuminatam,
1628 4035 1840 4103 denticulatam,
1859 4039 1906 4092 vel
1925 4046 2048 4111 propter

619 4107 689 4160 iulis
704 4104 840 4157 radicalia
856 4104 1002 4167 latissima,
1020 4104 1159 4172 proiunde
1177 4105 1303 4168 cordata,
1321 4121 1384 4157 cum
1401 4107 1435 4157 Β.
1454 4106 1644 4158 Patientia
1662 4106 1795 4159 conlundi
1817 4123 1876 4161 non
1897 4115 2009 4178 potest.

413 4189 458 4245 79.
477 4183 611 4236 Rumex
629 4173 854 4229 cerdilolius
872 4173 1010 4227 Horusu.
1029 4177 1173 4242 proximus
1191 4175 1224 4226 Β.
1243 4178 1434 4243 aquatico,
1461 4192 1478 4228 a
1517 4191 1553 4226 uo
1577 4181 1671 4227 munau
1688 4176 1776 4229 vulvis
1793 4175 1952 4244 rhombeis,
1969 4179 2047 4234 foliis

620 4243 790 4300 radicallbus
808 4243 861 4311 (Β.
880 4242 1013 4311 alpini)
1035 4243 1109 4309 latis,
1129 4243 1268 4312 profunde
1286 4244 1419 4310 cordatis,
1436 4192 1580 4298 llurailibus
1605 4245 1663 4297 late
1690 4247 1932 4318 ovato-oblongis3
1958 4256 2049 4305 ornai-

619 4317 673 4368 bus
691 4313 791 4366 subtus
808 4312 968 4382 petioloquc
986 4315 1204 4380 pubescentibus
1222 4313 1326 4366 differt.

411 4397 457 4452 80.
483 4390 616 4443 Rumex
644 4382 849 4437 orientalis
872 4382 986 4435 Bsnurr.
1021 4381 1089 4433 mihi
1112 4384 1224 4434 vitietur
1246 4383 1338 4435 forma
1360 4385 1481 4436 maxima
1500 4383 1533 4436 Β.
1562 4383 1784 4440 Patientiae.
1840 4385 1887 4440 Sic
1905 4392 1994 4445 etiam
2012 4393 2048 4447 Β.

623 4454 744 4524 aquatici
765 4451 884 4507 formam
905 4451 994 4507 habeo
1014 4451 1129 4506 lloribus
1146 4452 1301 4507 fructiferis
1321 4453 1405 4507 sclito
1426 4455 1589 4508 minoribus.
